@manual{oetiket2007lshort,
    author = {Oetiket, T. and Partl, H. and Hyna and Schlegl, E.},
    title = {The not-so-short introduction to Latex},
    url = {http://www.ctan.org/tex-archive/info/lshort/english/lshort.pdf}
}

@Manual{downes2002shortams,
  title = 	 {{Short Math Guide for \LaTeX{}}},
  author = 	 {Downes,, Michael},
  organization = {American Mathematical Society},
  year = 	 {2002},
  url = 	 {ftp://ftp.ams.org/pub/tex/doc/amsmath/short-math-guide.pdf}
}

@Book{ungar2002uvod,
  author = 	 {Šime Ungar},
  title = 	 {{Uvod u \TeX{} s naglaskom na \LaTeX 2$\epsilon$}},
  publisher = 	 {Odjel za matematiku, Sveučilište J.J.\ Strossmayera u Osijeku},
  year = 	 {2002}
}

@InProceedings{conv_gen_programming,
author="Rodriguez-Coayahuitl, Lino
and Morales-Reyes, Alicia
and Escalante, Hugo Jair",
editor="Carrasco-Ochoa, Jes{\'u}s Ariel
and Mart{\'i}nez-Trinidad, Jos{\'e} Francisco
and Olvera-L{\'o}pez, Jos{\'e} Arturo
and Salas, Joaqu{\'i}n",
title="Convolutional Genetic Programming",
booktitle="Pattern Recognition",
year="2019",
publisher="Springer International Publishing",
address="Cham",
pages="47--57",
abstract="In recent years Convolutional Neural Networks (CNN) have come to dominate many machine learning tasks, specially those related to image analysis, such as object recognition. Herein we explore the possibility of developing image denoising filters by stacking multiple Genetic Programming (GP) syntax trees, in a similar fashion to how CNNs are designed. We test the evolved filters performance in removing additive Gaussian noise. Results show that GP is able to generate a diverse set of feature maps at the 'hidden' layers of the proposed architecture. Although more research is required to validate the suitability of GP for image denoising, our work set the basis for bridging the gap between deep learning and evolutionary computation.",
isbn="978-3-030-21077-9"
}

@misc{wong2015evolutionary,
      title={Evolutionary Algorithms: Concepts, Designs, and Applications in Bioinformatics: Evolutionary Algorithms for Bioinformatics}, 
      author={Ka-Chun Wong},
      year={2015},
      eprint={1508.00468},
      archivePrefix={arXiv},
      primaryClass={cs.NE}
}

@article{naturally_selecting_algorithms,
author = {Timmy Manning and Roy D Sleator and Paul Walsh},
title = {Naturally selecting solutions},
journal = {Bioengineered},
volume = {4},
number = {5},
pages = {266-278},
year  = {2013},
publisher = {Taylor & Francis},
doi = {10.4161/bioe.23041},
    note ={PMID: 23222169},
URL = { 
        https://doi.org/10.4161/bioe.23041
},
eprint = { 
        https://doi.org/10.4161/bioe.23041
}
}

@inbook{cgp_image_processing,
author = {Harding, Simon and Leitner, Juxi and Schmidhuber, Jürgen},
year = {2013},
month = {03},
pages = {31-44},
title = {Cartesian Genetic Programming for Image Processing (CGP-IP)},
isbn = {978-1-4614-6845-5},
doi = {10.1007/978-1-4614-6846-2_3}
}

@inproceedings{ga_stopping_criteria,
author = {Safe, Martín and Carballido, Jessica and Ponzoni, Ignacio and Brignole, Nélida},
year = {2004},
month = {09},
pages = {405-413},
title = {On Stopping Criteria for Genetic Algorithms},
volume = {3171},
isbn = {978-3-540-23237-7},
journal = {Lecture Notes in Computer Science},
doi = {10.1007/978-3-540-28645-5_41}
}

@book{brassard1988algorithmics,
  title={Algorithmics: Theory and Practice},
  author={Brassard, G. and BRASSARD, G.A. and BRATLEY, P.A. and Bratley, P.},
  isbn={9780130232434},
  lccn={88002326},
  url={https://books.google.hr/books?id=835QAAAAMAAJ},
  year={1988},
  publisher={Prentice Hall}
}

@article{elitism,
author = {Singh, Vinay and Sharma, Vidushi},
year = {2014},
month = {03},
pages = {1-6},
title = {Elitist Genetic Algorithm Based Energy Balanced Routing Strategy to Prolong Lifetime of Wireless Sensor Networks},
volume = {2014},
journal = {Chinese Journal of Engineering},
doi = {10.1155/2014/437625}
}

@article{datasets,
author = {Xu, Yun and Goodacre, Royston},
year = {2018},
month = {10},
pages = {},
title = {On Splitting Training and Validation Set: A Comparative Study of Cross-Validation, Bootstrap and Systematic Sampling for Estimating the Generalization Performance of Supervised Learning},
volume = {2},
journal = {Journal of Analysis and Testing},
doi = {10.1007/s41664-018-0068-2}
}

@INPROCEEDINGS{fuzzy_logic,
  author={Meyer, L. and Xin Feng},
  booktitle={Proceedings of 1994 IEEE 3rd International Fuzzy Systems Conference}, 
  title={A fuzzy stop criterion for genetic algorithms using performance estimation}, 
  year={1994},
  volume={},
  number={},
  pages={1990-1995 vol.3},
  doi={10.1109/FUZZY.1994.343535}
}

@article{cgp_circuits,
author = {Miller, Julian and Thomson, P. and Fogarty, T. and Ntroduction, I},
year = {1999},
month = {10},
pages = {},
title = {Designing Electronic Circuits Using Evolutionary Algorithms. Arithmetic Circuits: A Case Study},
journal = {Genetic Algorithms and Evolution Strategies in Engineering and Computer Science}
}

@inbook{cgp,
author = {Miller, Julian},
year = {2011},
month = {09},
pages = {17-34},
title = {Cartesian Genetic Programming},
volume = {43},
isbn = {978-3-642-17309-7},
journal = {Natural Computing Series},
doi = {10.1007/978-3-642-17310-3_2}
}

@inbook{conv_gp,
author = {Rodriguez-Coayahuitl, Lino and Morales-Reyes, Alicia and Escalante, Hugo Jair},
year = {2019},
month = {01},
pages = {47-57},
title = {Convolutional Genetic Programming},
isbn = {978-3-030-21076-2},
doi = {10.1007/978-3-030-21077-9_5}
}

@inproceedings{Gathercole1997TacklingTB,
  title={Tackling the Boolean Even N Parity Problem with Genetic Programming and Limited-Error Fitness},
  author={C. Gathercole and P. Ross},
  year={1997}
}

@Inbook{Sekanina2011,
author="Sekanina, Lukas
and Harding, Simon L.
and Banzhaf, Wolfgang
and Kowaliw, Taras",
editor="Miller, Julian F.",
title="Image Processing and CGP",
bookTitle="Cartesian Genetic Programming",
year="2011",
publisher="Springer Berlin Heidelberg",
address="Berlin, Heidelberg",
pages="181--215",
abstract="In this chapter, we will present three applications in which CGP can automatically generate novel image processing algorithms that compare to or exceed the best known conventional solutions. The applications fall into the areas of image preprocessing and classification.",
isbn="978-3-642-17310-3",
doi="10.1007/978-3-642-17310-3_6",
url="https://doi.org/10.1007/978-3-642-17310-3_6"
}

@article{cgp_experiment,
author = {Miller, Julian and Smith, Stephen},
year = {2006},
month = {05},
pages = {167 - 174},
title = {Redundancy and computational efficiency in Cartesian genetic programming},
volume = {10},
journal = {Evolutionary Computation, IEEE Transactions on},
doi = {10.1109/TEVC.2006.871253}
}

@online{conv_pres,
author = {{Jamie Ludwig}},
title = {Image Convolution},
url = {http://web.pdx.edu/~jduh/courses/Archive/geog481w07/Students/Ludwig_ImageConvolution.pdf},
organization = {Portlan State University}
}

@online{conv_wiki,
title = {Kernel (image processing)},
url = {https://en.wikipedia.org/wiki/Kernel_(image_processing)},
organization = {misc.}
}

@article{jakobovic,
author = {Jakobovic, Domagoj and Manzoni, Luca and Mariot, Luca and Picek, Stjepan},
year = {2020},
month = {04},
pages = {},
title = {CoInGP: Convolutional Inpainting with Genetic Programming}
}
